\bibliographystyle{./IEEEtran}
\bibliography{./sources}

@electronic{byteman_doc,
  author        = "JBoss",
  title         = "{Byteman Programmer's Guide}",
  url           = "http://downloads.jboss.org/byteman/3.0.0/ProgrammersGuide.pdf",
  month         = may,
  year          = "2015"
}
@electronic{eca,
  author        = "J. J. Alferes and F. Banti and A. Brogi",
  title         = "{An Event-Condition-Action Logic Programming Language}",
  url           = "http://www.di.unipi.it/~brogi/papers/JELIA06.pdf",
  year          = "2015"
}

